@INPROCEEDINGS{RA, 
author={ {Dai Hong} and {Zhong Runtong} and {Lan Tian}}, 
booktitle={2008 IEEE International Conference on Service Operations and Logistics, and Informatics}, 
title={Risk assessment management for mobile payment security}, 
year={2008}, 
volume={2}, 
number={}, 
pages={1966-1970}, 
keywords={electronic money;risk management;security of data;risk assessment management;mobile payment security;mobile payment;risk assessment;assessment target}, 
doi={10.1109/SOLI.2008.4682854}, 
ISSN={}, 
month={Oct},}

@INPROCEEDINGS{MP, 
author={{Yong Wang} and {Christen Hahn} and {Kruttika Sutrave}}, 
booktitle={2016 Second International Conference on Mobile and Secure Services (MobiSecServ)}, 
title={Mobile payment security, threats, and challenges}, 
year={2016}, 
volume={}, 
number={}, 
pages={1-5}, 
keywords={electronic money;invasive software;mobile payment security;mobile payment threats;POS;mobile payment platform;independent mobile payment system;direct carrier billing;mobile payment processing model;SSL-TLS vulnerabilities;malware detection;multifactor authentication;data breach prevention;fraud detection;fraud prevention;Mobile communication;Mobile handsets;Credit cards;Authentication;Malware;Google;Mobile payment;security;threats;remediation challenges}, 
doi={10.1109/MOBISECSERV.2016.7440226}, 
ISSN={}, 
month={Feb},}

@article{Saving,
author = {{Luigina Canova} and {Anna Maria Manganelli Rattazzi} and {Paul Webley}},
year = {2005},
month = {02},
pages = {21-34},
title = {The hierarchical structure of saving motives},
volume = {26},
journal = {Journal of Economic Psychology},
doi = {10.1016/j.joep.2003.08.007}
}

@article{Pay,
author = {{Scott Schuh} and {Joanna Stavins}},
year = {2011},
month = {01},
pages = {},
title = {How Consumers Pay: Adoption and Use of Payments},
volume = {2},
journal = {Accounting and Finance Research},
doi = {10.5430/afr.v2n2p1}
}

@Misc{AWAPF,
  title = {What Americans Pay For and How},
  year = 2007,
  month = "February",
  day = 7,
  howpublished= {\url{https://www.pewsocialtrends.org/2007/02/07/what-americans-pay-for-and-how/}},
  note = {Accessed: 2019-05-22}
}

@Misc{BAABs,
  title = {
Six Out of Ten Americans are Anxious About Bills},
  year = 2018,
  month = "November",
  day = 29,
  howpublished= {\url{https://www.businesswire.com/news/home/20181129005267/en/10-Americans-Anxious-Bills-Late-Paying-Study/}},
  note = {Accessed: 2019-05-22}
}

@Misc{CAYPS,
  title = {Are you paying for subscriptions you're not using?},
  year = 2017,
  month = "March",
  day = 22,
  howpublished= {\url{https://www.moneyadviceservice.org.uk/blog/are-you-paying-for-subscriptions-youre-not-using}},
  note = {Accessed: 2019-05-22}
}

@Misc{DCCS,
  title = {Canada Consumer Spending},
  year = 2019,
  howpublished= {\url{https://tradingeconomics.com/canada/consumer-spending}},
  note = {Accessed: 2019-05-24}
}

@Misc{ECP,
  title = {Census Profile, 2016 Census},
  year = 2019,
  howpublished= {\url{https://www12.statcan.gc.ca/census-recensement/2016/dp-pd/prof/details/page.cfm?Lang=E&Geo1=CMACA&Code1=541&Geo2=PR&Code2=35&Data=Count&SearchText=kitchener&SearchType=Begins&SearchPR=01&B1=All&TABID=1}},
  note = {Accessed: 2019-05-24}
}

@Misc{FHSC,
  title = {Household spending, Canada, regions and provinces},
  year = 2019,
  howpublished= {\url{https://www150.statcan.gc.ca/t1/tbl1/en/tv.action?pid=1110022201}},
  note = {Accessed: 2019-05-24}
}

@Misc{GSSI,
  title = {Semi-structured Interview},
  year = 2019,
  howpublished= {\url{http://evaluationtoolbox.net.au/index.php?option=com_content&view=article&id=31&Itemid=137}},
  note = {Accessed: 2019-05-24}
}

@Misc{AMR,
  title = {Personal Finance Software Market to Reach \$1213 Mn, Globally, by 2023},
  year = 2018,
  howpublished= {\url{https://www.alliedmarketresearch.com/personal-finance-software-market}},
  note = {Accessed: 2019-07-28}
}


@inproceedings{Forghani,
 author = {Forghani, Azadeh and Neustaedter, Carman and Vu, Manh C. and Judge, Tejinder K. and Antle, Alissa N.},
 title = {G2G: The Design and Evaluation of a Shared Calendar and Messaging System for Grandparents and Grandchildren},
 booktitle = {Proceedings of the 2018 CHI Conference on Human Factors in Computing Systems},
 series = {CHI '18},
 year = {2018},
 isbn = {978-1-4503-5620-6},
 location = {Montreal QC, Canada},
 pages = {155:1--155:12},
 articleno = {155},
 numpages = {12},
 url = {http://doi.acm.org/10.1145/3173574.3173729},
 doi = {10.1145/3173574.3173729},
 acmid = {3173729},
 publisher = {ACM},
 address = {New York, NY, USA},
} 